@article{authorson10:_secon_best_paper_in_world,
	title = {the best paper in the world},
	author = {Author Authorson},
	journal = {Best Journal Ever},
	year = {2019},
}

@article{islam_machine_2019,
	title = {A Machine Learning Approach of Automatic Identification and Counting of Blood Cells},
	volume = {6},
	doi = {10.1049/htl.2018.5098},
	journal = {Healthcare Technology Letters},
	author = {Islam, M. and Alam, M.},
	year = {2019},
}

@article{france_new_2000,
	title = {A new approach to automated pollen analysis},
	volume = {19},
	doi = {10.1016/S0277-3791(99)00021-9},
	language = {en},
	journal = {Quaternary Science Reviews},
	author = {France, I and Duller, A. W. G and Duller, G. A. T and Lamb, H. F},
	year = {2000},
	pages = {537--546},
}

@article{maruyama_automatic_2018,
	title = {Automatic classification of native wood charcoal},
	volume = {46},
	doi = {10.1016/j.ecoinf.2018.05.008},
	language = {en},
	journal = {Ecological Informatics},
	author = {Maruyama, T. M. and Oliveira, L. S. and Britto, A. S. and Nisgoski, S.},
	year = {2018},
	pages = {1--7},
}

@article{tariq_medical_2020,
	title = {Medical Image based Breast Cancer Diagnosis: State of the Art and Future Directions},
	shorttitle = {Medical Image based Breast Cancer Diagnosis},
	doi = {10.1016/j.eswa.2020.114095},
	language = {en},
	journal = {Expert Systems with Applications},
	author = {Tariq, M. and Iqbal, S. and Ayesha, H. and Abbas, I. and Ahmad, K. T. and Niazi, M. F. K.},
	year = {2020},
	pages = {114095},
}

@mastersthesis{nesse_classifying_2020,
	title = {Classifying Dinoflagellates in Palynological Slides Using Convolutional Neural Networks},
	url = {https://uis.brage.unit.no/uis-xmlui/handle/11250/2680067},
	school = {University of Stavanger},
	language = {eng},
	urldate = {2020-10-26},
	author = {Nesse, A. B.},
	year = {2020},
}

@inproceedings{ferrari_bacterial_2015,
	title = {Bacterial colony counting by {Convolutional} {Neural} {Networks}},
	doi = {10.1109/EMBC.2015.7320116},
	booktitle = {2015 37th {Annual} {International} {Conference} of the {IEEE} {Engineering} in {Medicine} and {Biology} {Society} ({EMBC})},
	author = {Ferrari, A. and Lombardi, S. and Signoroni, A.},
	year = {2015},
	pages = {7458--7461},
}

@article{costa_counting_2009,
	title = {Counting pollen grains using readily available, free image processing and analysis software},
	volume = {104},
	doi = {10.1093/aob/mcp186},
	journal = {Annals of Botany},
	author = {Costa, C. M. and Yang, S.},
	year = {2009},
	pmid = {19640891},
	pmcid = {PMC2749532},
	pages = {1005--1010},
}

@incollection{askin_palynology_2003,
	title = {Palynology},
	booktitle = {Encyclopedia of Physical Science and Technology},
	author = {Askin, R. and Jacobson, S.},
	year = {2003},
	doi = {10.1016/B0-12-227410-5/00930-3},
	note = {Journal Abbreviation: Encyclopedia of Physical Science and Technology},
	pages = {563--578},
}

@article{sompawong_automated_2019,
	title = {Automated Pap Smear Cervical Cancer Screening Using Deep Learning},
	volume = {2019},
	doi = {10.1109/EMBC.2019.8856369},
	pages = {7044--7048},
	journal = {Annual International Conference of the {IEEE} Engineering in Medicine and Biology Society. {IEEE} Engineering in Medicine and Biology Society. Annual International Conference},
	shortjournal = {Annu Int Conf {IEEE} Eng Med Biol Soc},
	author = {Sompawong, N. and Mopan, J. and Pooprasert, P. and Himakhun, W. and Suwannarurk, K. and Ngamvirojcharoen, J. and Vachiramon, T. and Tantibundhit, C.},
	year = {2019},
}

@article{langford_computerized_1990,
	series = {The Proceedings of the 7th International Palynological Congress (Part {I})},
	title = {Computerized identification of pollen grains by texture analysis},
	volume = {64},
	doi = {10.1016/0034-6667(90)90133-4},
	language = {en},
	journal = {Review of Palaeobotany and Palynology},
	author = {Langford, M. and Taylor, G. E. and Flenley, J. R.},
	year = {1990},
	pages = {197--203},
}

@article{li_pollen_1999,
	title = {Pollen texture identification using neural networks},
	volume = {38},
	doi = {10.1080/001731300750044717},
	journal = {Grana},
	author = {Li, Ping and Flenley, J. R.},
	year = {1999},
	pages = {59--64},
}

@article{holt_progress_2011,
	title = {Progress towards an automated trainable pollen location and classifier system for use in the palynology laboratory},
	volume = {167},
	doi = {10.1016/j.revpalbo.2011.08.006},
	language = {en},
	journal = {Review of Palaeobotany and Palynology},
	author = {Holt, K. and Allen, G. and Hodgson, R. and Marsland, S. and Flenley, J. R.},
	year = {2011},
	keywords = {automated palynology, neural networks, pollen analysis, pollen classification},
	pages = {175--183},
}

@article{battiato_pollen13k_2020,
	title = {{Pollen13K}: A Large Scale Microscope Pollen Grain Image Dataset},
	language = {en},
	author = {Battiato, S. and Ascari, L. and Ortis, A. and Politi, M. and Trenta, F. and Siniscalco, C.},
	year = {2020},
	pages = {6},
}

@inproceedings{battiato_detection_2020,
	title = {Detection and Classification of Pollen Grain Microscope Images},
	doi = {10.1109/CVPRW50498.2020.00498},
	booktitle = {2020 {IEEE}/{CVF} {Conference} on {Computer} {Vision} and {Pattern} {Recognition} {Workshops} ({CVPRW})},
	author = {Battiato, S. and Ortis, A. and Trenta, F. and Ascari, L. and Politi, M. and Siniscalco, C.},
	year = {2020},
	pages = {4220--4227},
}

@inproceedings{daood_pollen_2016,
	address = {Cham},
	series = {Lecture Notes in Computer Science},
	title = {Pollen grain recognition using deep learning},
	doi = {10.1007/978-3-319-50835-1_30},
	language = {en},
	booktitle = {Advances in {Visual} {Computing}},
	publisher = {Springer International Publishing},
	author = {Daood, A. and Ribeiro, E. and Bush, M.},
	year = {2016},
	pages = {321--330},
}

@article{sevillano_precise_2020,
	title = {Precise automatic classification of 46 different pollen types with convolutional neural networks},
	volume = {15},
	doi = {10.1371/journal.pone.0229751},
	language = {en},
	journal = {PLOS ONE},
	author = {Sevillano, V. and Holt, K. and Aznarte, J. L.},
	year = {2020},
	note = {Publisher: Public Library of Science},
}

@article{gallardo_caballero_precise_2019,
	title = {Precise pollen grain detection in bright field microscopy using deep learning techniques},
	volume = {19},
	doi = {10.3390/s19163583},
	journal = {Sensors (Basel, Switzerland)},
	author = {Gallardo-Caballero, Ramón and Garc{\'i}a-Orellana, Carlos J. and Garc{\'i}a-Manso, Antonio and Gonz{\'a}lez-Velasco, Horacio M. and Tormo-Molina, Rafael and Mac{\'i}as-Mac{\'i}as, Miguel},
	year = {2019},
}

@article{sevillano_improving_2018,
	title = {Improving classification of pollen grain images of the {POLEN23E} dataset through three different applications of deep learning convolutional neural networks},
	volume = {13},
	doi = {10.1371/journal.pone.0201807},
	language = {en},
	journal = {PLOS ONE},
	author = {Sevillano, V. and Aznarte, J. L.},
	year = {2018},
}

@article{girshick_rich_2014,
	title = {Rich feature hierarchies for accurate object detection and semantic segmentation},
	author = {Ross Girshick and Jeff Donahue and Trevor Darrell and Jitendra Malik},
	year = {2014},
	eprint = {1311.2524},
	archivePrefix = {arXiv},
	primaryClass = {cs.CV}
}

@article{ren2016faren_faster_2016ster,
	title = {Faster R-CNN: Towards Real-Time Object Detection with Region Proposal Networks},
	author = {Shaoqing Ren and Kaiming He and Ross Girshick and Jian Sun},
	year = {2016},
	eprint = {1506.01497},
	archivePrefix = {arXiv},
	primaryClass = {cs.CV}
}

@article{girshick_fast_2015,
	title = {Fast R-CNN},
	author = {Ross Girshick},
	year = {2015},
	eprint = {1504.08083},
	archivePrefix = {arXiv},
	primaryClass = {cs.CV}
}

@article{liu_ssd_2016,
	title = {SSD: Single Shot MultiBox Detector},
	doi = {10.1007/978-3-319-46448-0_2},
	journal = {Lecture Notes in Computer Science},
	publisher = {Springer International Publishing},
	author = {Liu, Wei and Anguelov, Dragomir and Erhan, Dumitru and Szegedy, Christian and Reed, Scott and Fu, Cheng-Yang and Berg, Alexander C.},
	year = {2016},
	pages = {21–37}
}

@inproceedings{mulyanto_real_time_2019,
	title = {Real-Time human detection and tracking using two sequential frames for advanced driver assistance system},
	doi = {10.1109/ICICoS48119.2019.8982396},
	eventtitle = {2019 3rd International Conference on Informatics and Computational Sciences ({ICICoS})},
	pages = {1--5},
	booktitle = {2019 3rd International Conference on Informatics and Computational Sciences ({ICICoS})},
	author = {Mulyanto, A. and Borman, R. I. and Prasetyawan, P. and Jatmiko, W. and Mursanto, P.},
	year = {2019},
}

@inproceedings{liu_brain_2018,
	location = {Cham},
	title = {Brain slices microscopic detection using simplified {SSD} with Cycle-{GAN} data augmentation},
	doi = {10.1007/978-3-030-04212-7_40},
	series = {Lecture Notes in Computer Science},
	pages = {454--463},
	booktitle = {Neural Information Processing},
	publisher = {Springer International Publishing},
	author = {Liu, W. and Cheng, L. and Meng, D.},
	year = {2018},
	langid = {english},
}

@inproceedings{el_melegy_automatic_2019,
	location = {Cham},
	title = {Automatic detection of tuberculosis bacilli from microscopic sputum smear mmages using faster R-{CNN}, transfer learning and augmentation},
	doi = {10.1007/978-3-030-31332-6_24},
	series = {Lecture Notes in Computer Science},
	pages = {270--278},
	booktitle = {Pattern Recognition and Image Analysis},
	publisher = {Springer International Publishing},
	author = {El-Melegy, M. and Mohamed, D. and El-Melegy, T.},
	year = {2019},
}

@article{chibuta_real_time_2020,
	title = {Real-time Malaria Parasite Screening in Thick Blood Smears for Low-Resource Setting},
	author = {Chibuta, S. and Acar, A. C.},
	year = {2020},
	journal = {Journal of Digital Imaging},
	volume = {33},
	doi = {10.1007/s10278-019-00284-2},
	pages = {763--775},
	number = {3},
}

@incollection{halbritter_methods_2018,
	title = {Methods in Palynology},
	author = {Halbritter, Heidemarie and Ulrich, Silvia and Grímsson, Friðgeir and Weber, Martina and Zetter, Reinhard and Hesse, Michael and Buchner, Ralf and Svojtka, Matthias and Frosch-Radivo, Andrea},
	year = {2018},
	booktitle = {Illustrated Pollen Terminology},
	pages = {97--127},
	publisher = {Springer International Publishing},
	langid = {english},
	doi = {10.1007/978-3-319-71365-6_6},
}

@article{1989Hdrw,
	title = {Handwritten digit recognition with a back-propagation network},
	author = {LeCun, Yann and Boser, Bernhard and Denker, John and Henderson, Donnie and Howard, R and Hubbard, Wayne and Jackel, Lawrence},
	year = {1990},
	journal = {Advances in neural information processing systems},
	pages = {396--404},
	volume = {2},
	publisher = {Morgan Kaufmann Publishers},
}

@inbook{lecum1989,
	title = {Generalization and network design strategies},
	author = {Yann LeCun},
	year = {1989},
	editor = {R. Pfeifer and Z. Schreter and F. Fogelman and L. Steels},
	booktitle = {Connectionism in perspective},
	publisher = {Elsevier},
}

@article{lecun1998gradient,
	title = {Gradient-based learning applied to document recognition},
	author = {LeCun, Yann and Bottou, L{\'e}on and Bengio, Yoshua and Haffner, Patrick},
	journal = {Proceedings of the IEEE},
	volume = {86},
	number = {11},
	pages = {2278--2324},
	year = {1998},
	publisher = {Ieee},
	doi = {10.1109/5.726791}
}

@article{ioffe2015batch,
	title = {Batch Normalization: Accelerating Deep Network Training by Reducing Internal Covariate Shift},
	author = {Sergey Ioffe and Christian Szegedy},
	year = {2015},
	eprint = {1502.03167},
	archivePrefix = {arXiv},
	primaryClass = {cs.LG}
}

@article{lin2014network,
	title = {Network In Network},
	author = {Min Lin and Qiang Chen and Shuicheng Yan},
	year = {2014},
	eprint = {1312.4400},
	archivePrefix = {arXiv},
	primaryClass = {cs.NE}
}

@incollection{NEURIPS2019_9015,
	title = {PyTorch: An Imperative Style, High-Performance Deep Learning Library},
	author = {Paszke, Adam and Gross, Sam and Massa, Francisco and Lerer, Adam and Bradbury, James and Chanan, Gregory and Killeen, Trevor and Lin, Zeming and Gimelshein, Natalia and Antiga, Luca and Desmaison, Alban and Kopf, Andreas and Yang, Edward and DeVito, Zachary and Raison, Martin and Tejani, Alykhan and Chilamkurthy, Sasank and Steiner, Benoit and Fang, Lu and Bai, Junjie and Chintala, Soumith},
	year = {2019},
	eprint = {1912.01703},
	archivePrefix = {arXiv},
	primaryClass = {cs.LG}
}

@article{simonyan2015deep,
	title = {Very Deep Convolutional Networks for Large-Scale Image Recognition},
	author = {Karen Simonyan and Andrew Zisserman},
	year = {2015},
	eprint = {1409.1556},
	archivePrefix = {arXiv},
	primaryClass = {cs.CV}
}

@article{he2015deep,
	title = {Deep Residual Learning for Image Recognition},
	author = {Kaiming He and Xiangyu Zhang and Shaoqing Ren and Jian Sun},
	year = {2015},
	eprint = {1512.03385},
	archivePrefix = {arXiv},
	primaryClass = {cs.CV}
}

@article{redmon2016look,
	title = {You Only Look Once: Unified, Real-Time Object Detection},
	author = {Joseph Redmon and Santosh Divvala and Ross Girshick and Ali Farhadi},
	year = {2016},
	eprint = {1506.02640},
	archivePrefix = {arXiv},
	primaryClass = {cs.CV}
}

@inproceedings{DaoodICPR16b,
	author = {Amar Daood and Eraldo Ribeiro and Mark Bush},
	booktitle = {IEEE International Conference on Pattern Recognition (ICPR)},
	title = {Pollen Recognition Using a Multi-Layer Hierarchical Classifier},
	year = {2016},
	doi = {10.1007/978-3-319-50835-1_30}
}

@inproceedings{DaoodAndRibeiro_2018,
	author = {Amar Daood and Eraldo Ribeiro and Mark Bush},
	booktitle = {Proceedings of the International Florida Artificial
	Intelligence Research Society Conference, {FLAIRS}, Melbourne, Florida, USA. May 21--23. Published by The AAAI Press, Palo Alto, California.},
	title = {{Sequential Recognition of Pollen Grain Z-Stacks by Combining CNN and RNN}},
	year = {2018}
}

@article{de2013image,
	title = {Image Sharpness Measure for Blurred Images in Frequency Domain},
	author = {Kanjar De and V. Masilamani},
	journal = {Procedia Engineering},
	volume = {64},
	pages = {149-158},
	year = {2013},
	note = {International Conference on Design and Manufacturing (IConDM2013)},
	doi = {10.1016/j.proeng.2013.09.086}
}

@misc{bodla2017softnms,
	title = {Soft-NMS -- Improving Object Detection With One Line of Code},
	author = {Navaneeth Bodla and Bharat Singh and Rama Chellappa and Larry S. Davis},
	year = {2017},
	eprint = {1704.04503},
	archivePrefix = {arXiv},
	primaryClass = {cs.CV}
}

@article{everingham2010pascal,
	title = {The pascal visual object classes (voc) challenge},
	author = {Everingham, Mark and Van Gool, Luc and Williams, Christopher KI and Winn, John and Zisserman, Andrew},
	journal = {International journal of computer vision},
	volume = {88},
	number = {2},
	pages = {303--338},
	year = {2010},
	publisher = {Springer},
	doi = {10.1007/s11263-009-0275-4}
}

@article{sandler_mobilenetv2_2019,
	title = {{MobileNetV}2: Inverted Residuals and Linear Bottlenecks},
	author = {Sandler, Mark and Howard, Andrew and Zhu, Menglong and Zhmoginov, Andrey and Chen, Liang-Chieh},
	year = {2019},
	archivePrefix = {arXiv},
	eprint = {1801.04381},
}

@software{haris_2018,
	author = {Haris Iqbal},
	title = {HarisIqbal88/PlotNeuralNet},
	year = {2018},
	publisher = {Zenodo},
	version = {v1.0.0},
	doi = {10.5281/zenodo.2526396},
}

@article{Hern_ndez_Garc_a_2018,
	title = {Further Advantages of Data Augmentation on Convolutional Neural Networks},
	author = {Hernández-García, Alex and König, Peter},
	journal = {CoRR},
	volume = {abs/1906.11052},
	year = {2019},
	archivePrefix = {arXiv},
	eprint = {1906.11052}
}

@article{alexnet,
	author = {Krizhevsky, Alex and Sutskever, Ilya and Hinton, Geoffrey E.},
	title = {ImageNet Classification with Deep Convolutional Neural Networks},
	year = {2017},
	publisher = {Association for Computing Machinery},
	volume = {60},
	number = {6},
	doi = {10.1145/3065386},
	journal = {Commun. ACM},
	pages = {84–90},
}

  